@article{verdu2011general,
  title={A general mechanistic model for admixture histories of hybrid populations},
  author={Verdu, Paul and Rosenberg, Noah A},
  journal={Genetics},
  volume={189},
  number={4},
  pages={1413--1426},
  year={2011},
  publisher={Genetics Soc America}
}

@article{bennett1952theory,
  title={On the theory of random mating},
  author={Bennett, John},
  journal={Annals of Eugenics},
  volume={17},
   number={1},
  pages={311--317},
  year={1952},
  publisher={Blackwell Publishing Ltd}
}

@article{hill1974disequilibrium,
  title={Disequilibrium among several linked neutral genes in finite population I. Mean changes in disequilibrium},
  author={Hill, William G},
  journal={Theoretical Population Biology},
  volume={5},
  number={3},
  pages={366--392},
  year={1974},
  publisher={Elsevier}
}

@article{international2010integrating,
  title={Integrating common and rare genetic variation in diverse human populations},
  author={International HapMap 3 Consortium and others},
  journal={Nature},
  volume={467},
  number={7311},
  pages={52--58},
  year={2010},
  publisher={Nature Publishing Group}
}

@article{slatkin1972treating,
  title={On treating the chromosome as the unit of selection},
  author={Slatkin, Montgomery},
  journal={Genetics},
  volume={72},
  number={1},
  pages={157--168},
  year={1972},
  publisher={Genetics Soc America}
}

@article{price2006principal,
  title={Principal components analysis corrects for stratification in genome-wide association studies},
  author={Price, Alkes L and Patterson, Nick J and Plenge, Robert M and Weinblatt, Michael E and Shadick, Nancy A and Reich, David},
  journal={Nature Genetics},
  volume={38},
  number={8},
  pages={904--909},
  year={2006},
  publisher={Nature Publishing Group}
}

@article{pritchard2000inference,
  title={Inference of population structure using multilocus genotype data},
  author={Pritchard, Jonathan K and Stephens, Matthew and Donnelly, Peter},
  journal={Genetics},
  volume={155},
  number={2},
  pages={945--959},
  year={2000},
  publisher={Genetics Soc America}
}

@article{alexander2009fast,
  title={Fast model-based estimation of ancestry in unrelated individuals},
  author={Alexander, David H and Novembre, John and Lange, Kenneth},
  journal={Genome Research},
  volume={19},
  number={9},
  pages={1655--1664},
  year={2009},
  publisher={Cold Spring Harbor Lab}
}

@article{tang2005estimation,
  title={Estimation of individual admixture: analytical and study design considerations},
  author={Tang, Hua and Peng, Jie and Wang, Pei and Risch, Neil J},
  journal={Genetic epidemiology},
  volume={28},
  number={4},
  pages={289--301},
  year={2005},
  publisher={Wiley Online Library}
}

@article{menotti2008patterns,
  title={Patterns of molecular genetic variation among cat breeds},
  author={Menotti-Raymond, Marilyn and David, Victor A and Pflueger, Solveig M and Lindblad-Toh, Kerstin and Wade, Claire M and O’Brien, Stephen J and Johnson, Warren E},
  journal={Genomics},
  volume={91},
  number={1},
  pages={1--11},
  year={2008},
  publisher={Elsevier}
}

@article{rosenberg2002genetic,
  title={Genetic structure of human populations},
  author={Rosenberg, Noah A and Pritchard, Jonathan K and Weber, James L and Cann, Howard M and Kidd, Kenneth K and Zhivotovsky, Lev A and Feldman, Marcus W},
  journal={Science},
  volume={298},
  number={5602},
  pages={2381--2385},
  year={2002},
  publisher={American Association for the Advancement of Science}
}

@article{zhang2007genetic,
  title={Genetic viability and population history of the giant panda, putting an end to the “evolutionary dead end”?},
  author={Zhang, Baowei and Li, Ming and Zhang, Zejun and Goossens, Beno{\^\i}t and Zhu, Lifeng and Zhang, Shanning and Hu, Jinchu and Bruford, Michael W and Wei, Fuwen},
  journal={Molecular biology and evolution},
  volume={24},
  number={8},
  pages={1801--1810},
  year={2007},
  publisher={SMBE}
}

@article{gravel2012population,
  title={Population genetics models of local ancestry},
  author={Gravel, Simon},
  journal={Genetics},
  volume={191},
  number={2},
  pages={607--619},
  year={2012},
  publisher={Genetics Soc America}
}

@article{pool2009inference,
  title={Inference of historical changes in migration rate from the lengths of migrant tracts},
  author={Pool, John E and Nielsen, Rasmus},
  journal={Genetics},
  volume={181},
  number={2},
  pages={711--719},
  year={2009},
  publisher={Genetics Soc America}
}

@article{liang2014lengths,
  title={The Lengths of Admixture Tracts},
  author={Liang, Mason and Nielsen, Rasmus},
  journal={Genetics},
  pages={genetics--114},
  year={2014},
  publisher={Genetics Soc America}
}

@article{tang2006reconstructing,
  title={Reconstructing genetic ancestry blocks in admixed individuals},
  author={Tang, Hua and Coram, Marc and Wang, Pei and Zhu, Xiaofeng and Risch, Neil},
  journal={The American Journal of Human Genetics},
  volume={79},
  number={1},
  pages={1--12},
  year={2006},
  publisher={Elsevier}
}

@article{falush2003inference,
  title={Inference of population structure using multilocus genotype data: linked loci and correlated allele frequencies},
  author={Falush, Daniel and Stephens, Matthew and Pritchard, Jonathan K},
  journal={Genetics},
  volume={164},
  number={4},
  pages={1567--1587},
  year={2003},
  publisher={Genetics Soc America}
}

@article{maples2013rfmix,
  title={RFMix: A Discriminative Modeling Approach for Rapid and Robust Local-Ancestry Inference},
  author={Maples, Brian K and Gravel, Simon and Kenny, Eimear E and Bustamante, Carlos D},
  journal={The American Journal of Human Genetics},
  volume={93},
  number={2},
  pages={278--288},
  year={2013},
  publisher={Elsevier}
}